@manual{ABNT:NBR-10520-2002,
	title="{NBR}-10520: Informação e Documentação - Apresentação de citações em documentos",
	author="ABNT",
	organization="ASSOCIAÇÃO BRASILEIRA DE NORMAS TÉCNICAS",
	address="Rio de Janeiro",
	year="2002",
	pages="4"
}

@manual{ABNT:NBR-14724-2002,
	title="{NBR}-14724: Informação e Documentação - Trabalhos Acadêmicos - Apresentação",
	author="ABNT",
	organization="ASSOCIAÇÃO BRASILEIRA DE NORMAS TÉCNICAS",
	address="Rio de Janeiro",
	year="2002",
	pages="6"
}

@manual{ABNT:NBR-14724-2011,
	title="{NBR}-14724: Informação e Documentação - Trabalhos Acadêmicos - Apresentação",
	author="ABNT",
	organization="ASSOCIAÇÃO BRASILEIRA DE NORMAS TÉCNICAS",
	address="Rio de Janeiro",
	year="2011",
	pages="6"
}


@manual{ABNT:NBR-6023-2002,
	title="{NBR}-6023: Informação e Documentação - Referências - Elaboração",
	author="ABNT",
	organization="ASSOCIAÇÃO BRASILEIRA DE NORMAS TÉCNICAS",
	address="Rio de Janeiro",
	year="2002",
	pages="22"
}

@manual{ABNT:NBR-6024-2003,
	title="{NBR}-6024: Numeração Progressiva das seções de um documento - Procedimento",
	author="ABNT",
	organization="ASSOCIAÇÃO BRASILEIRA DE NORMAS TÉCNICAS",
	address="Rio de Janeiro",
	year="2003"
}

@manual{ABNT:NBR-6027-2003,
	title="{NBR}-6027: Informação e documentação - Sumário - Apresentação",
	author="ABNT",
	organization="ASSOCIAÇÃO BRASILEIRA DE NORMAS TÉCNICAS",
	address="Rio de Janeiro",
	year="2003"
}

@manual{ABNT:NBR-6028-2003,
	title="{NBR}-6028: Informação e documentação - Resumo - Apresentação",
	author="ABNT",
	organization="ASSOCIAÇÃO BRASILEIRA DE NORMAS TÉCNICAS",
	address="Rio de Janeiro",
	year="2003"
}

@manual{ABNT:NBR-6034-2004,
	title="{NBR}-6034: Informação e documentação - Índice - Apresentação",
	author="ABNT",
	organization="ASSOCIAÇÃO BRASILEIRA DE NORMAS TÉCNICAS",
	address="Rio de Janeiro",
	year="2004"
}

@manual{IBGE:tabular-1993,
	title="Normas de apresentação tabular / IBGE, Centro de Documentação e Disseminação de Informações",
	author="IBGE",
	organization="Instituo Brasileiro de Geografia e Estatística",
	address="Rio de Janeiro",
	year="1993",
	pages="61",
	ISBN="8524004711"
}

@manual{ALB:CCA-1985,
	organization="AMERICAN LIBRARY ASSOCIATION",
	title="Código de Catalogação Anglo Americano",
	edition="2. ed.",
	address="São Paulo",
	publisher="FEBAB",
	year="1983 - 1985",
	note="2 v."
}

@inproceedings{Baturone:DCIS1996-231,
	author="Baturone, I. and others",
	title="Supply Current Monitoring for Testing {CMOS} Analog Circuits",
	booktitle="Proceedings of the 11th CONFERENCE ON DESIGN OF CIRCUITS AND INTEGRATED SYSTEMS (DCIS)",
	year="1996",
	pages="231-236"
}

@inproceedings{Bilstrup:FCS-239,
	author="Bilstrup, U. and Wiberg, P.",
	title="Bluetooth in Industrial Environment",
	booktitle="Proceedings of the 11th {IEEE} INTERNATIONAL WORKSHOP ON FACTORY COMMUNICATION SYSTEMS",
	address="Porto, Portugal",
	year="2000",
	pages="239-246"
}

@phdthesis{Brito:IEE-1994,
	author="Renato Machado de Brito",
	title="Instrumentação Eletro-Eletrônica para Medição Direta de Torque em Sistemas Girantes Utilizando Extensômetros de Resistência Elétrica",
	year="1994",
	pages="145",
	type="Tese (Doutorado em engenharia)",
	school="Programa de Pós-Graduação em Engenharia Mecânica e Materiais, Universidade Federal do Rio Grande do Sul",
	address="Porto Alegre"
}

@article{Cota:TIM-49-2,
	author="Erica Cota and others",
	title="A New Adaptive Analog Test and Diagnosis System",
	journal="{IEEE} Transactions on Instrumentation and Measurement",
	address="Piscataway, {NJ}",
	volume="49",
	number="2",
	pages="223-227",
	month="4",
	year="2000"
}

@inbook{Deller:MSP-1993,
	author="Deller, JR, J. R. and  Proakis, J. G. and Hansen, J. H. L.",
	chapter="Modeling Speech Production",
	title="Discrete-Time Processing of Speech Signals",
	address="New York",
	publisher="Macmillian",
	year="1993",
	pages="151-221",
	ISBN="0-02-328301-7"
}

@book{Fitzgerald:EM-1990,
	author="Fitzgerald, A. E. and others",
	title="Electric Machinery",
	address="New York",
	publisher="Mcgraw-Hill",
	year="1990",
	pages="599",
	ISBN="0-07-021134-5"
}

@inbook{Garg:SMA-2000,
	author="Garg, R. and others",
	chapter="Substrates for Microstrip Antennas",
	title="Microstrip Antenna Design Handbook",
	address="London",
	publisher="Artech House",
	year="2000",
	pages="761-762",
	ISBN="0-89006-513-6"
}

@inproceedings{Husemann:CBA2002-2780,
	author="Husemann, R. and  Pereira, C. E. and Schmidt, R. L.",
	title="Sistema Monitorador para Aplicações Baseadas em Comunicação por Barramentos Industriais",
	booktitle="Anais do 14 CONGRESSO BRASILEIRO DE AUTOMÁTICA",
	year="2002",
	address="Natal, {RN}",
	pages="2780-2785"
}

@article{Maguire:MM-23-191,
	author="Maguire, L. P. and McGinnity, T. M. and McDaid, L. J.",
	title="Issues in the Development of an Integrated Environment for Embedded System Design - Part {A}: User Needs and Commercial Products",
	journal="Microprocessors and Microsystems",
	numver="23",
	pages="191-197",
	month="10",
	year="1999",
	url={http://www.sciencedirect.com/science?_ob=MImg&_imagekey=B6V0X-3XDHJNS-3-3&_cdi=41659dabbc93bd6b1c1eae8e0907b20b&ie=f.pdf},
	urldate={2000-03-07}
}

@manual{MATHWORKS:MFW-5,
	title="MATHWORKS Matlab for Windows, version 5: tutorial of optimization toolbox, version 2.2",
	organization="The MathWorks Inc.",
	year="2001"
}

@inproceedings{Pereira:OORT1999-133,
	author="Pereira, C. E. and others",
	title="Quantitative Evaluation of Distributed Object-Oriented Programming Environments for Real-Time Applications",
	booktitle="Proceedings of the 2nd INTERNATIONAL SYMPOSIUM ON OBJECT-ORIENTED REAL-TIME DISTRIBUTED COMPUTING",
	year="1999",
	address="Saint Malo, France",
	pages="133-138"
}

@inproceedings{Pereira:OORT1999-155,
	author="Pereira, C. E. and others",
	title="Quantitative Evaluation of Distributed Object-Oriented Programming Environments for Real-Time Applications",
	booktitle="Proceedings of the 2nd INTERNATIONAL SYMPOSIUM ON OBJECT-ORIENTED REAL-TIME DISTRIBUTED COMPUTING",
	year="1999",
	address="Saint Malo, France",
	pages="133-138",
	note="same ref, just for example"
}

@inproceedings{Pereira:RTP1999-9,
	author="Pereira, C. E. and  Wild, R.",
	title="Tool for Validating Timing Requirements of Industrial Application based on the Foundation Fieldbus Protocol",
	booktitle="Proceedings of the 24th WORKSHOP ON REAL-TIME PROGRAMMING",
	year="1999",
	address="Schloss Dagstuhl, Germany",
	pages="9-14",
	url={http://www.fernuni-hagen.de/IT/wtrp99/papers/paper-041.pdf},
	urldate={2001-03-05},
}

@patent{Flores-AP-1998,
	organization="UFRGS, Departamento de Engenharia Elétrica",
	address="Porto Alegre, {RS}",
	author="given=Ály Ferreira, family=Flores, suffix=Filho and Altamiro Amadeu Susin and Marilia Amaral da Silveira",
	title="Atuador Planar",
	number="BR n. PI 9900945-5",
	month="4",
	year="1998",
	type={patreq}
}

@manual{XILINX:SPAR-2000,
	organization="XILINX",
	title="Spartan and Spartan-XL Families Field Programmable Gate Arrays: Product Specification",
	year="2000",
	pages="82",
	url={http://direct.xilinx.com/bvdocs/publications/ds060.pdf},
	urldate={2002-09-18}
}


@manual{TIKZPGF:3.1,
	organization="Institut für Theoretische Informatik / Universität zu Lübeck",
	title="The TikZ and PGF Packages",
	author="Till Tantau and  Mark Wibrow and Christian Feuersänger",
	year="2020",
	pages="1318",
	url="http://mirrors.ctan.org/graphics/pgf/base/doc/pgfmanual.pdf",
	urldate="2020-02-03"
}

@manual{CIRCUITIKZ:1.0,
	organization=" Polytechnic University of Milan",
	title="CircuiTikZ",
	author="Massimo A. Redaelli  and  Stefan Lindner  and Stefan Erhardt and Romano Giannetti ",
	year="2020",
	pages="160",
	url="http://mirrors.ctan.org/graphics/pgf/contrib/circuitikz/doc/circuitikzmanual.pdf",
	urldate="2020-02-03"
}

